@article{yeh2010gender,
  title     = {Gender and age factors in tsunami casualties},
  author    = {Yeh, Harry},
  journal   = {Natural Hazards Review},
  volume    = {11},
  number    = {1},
  pages     = {29--34},
  year      = {2010},
  publisher = {American Society of Civil Engineers}
}
